<?xml version="1.0" encoding="UTF-8"?><record xmlns="http://www.loc.gov/MARC21/slim" xmlns:cinclude="http://apache.org/cocoon/include/1.0" xmlns:zs="http://www.loc.gov/zing/srw/">
  <leader>01261cz  a2200253n  4500</leader>
  <controlfield tag="001">n  82100965 </controlfield>
  <controlfield tag="003">DLC</controlfield>
  <controlfield tag="005">20131030073801.0</controlfield>
  <controlfield tag="008">820802n| azannaabn          |a aaa      </controlfield>
  <datafield tag="010" ind1=" " ind2=" ">
    <subfield code="a">n  82100965 </subfield>
  </datafield>
  <datafield tag="035" ind1=" " ind2=" ">
    <subfield code="a">(OCoLC)oca00797526</subfield>
  </datafield>
  <datafield tag="040" ind1=" " ind2=" ">
    <subfield code="a">DLC</subfield>
    <subfield code="b">eng</subfield>
    <subfield code="e">rda</subfield>
    <subfield code="c">DLC</subfield>
    <subfield code="d">DLC</subfield>
    <subfield code="d">TxCM</subfield>
  </datafield>
  <datafield tag="046" ind1=" " ind2=" ">
    <subfield code="f">19500302</subfield>
  </datafield>
  <datafield tag="100" ind1="1" ind2=" ">
    <subfield code="a">Dertouzos, James N.,</subfield>
    <subfield code="d">1950-</subfield>
  </datafield>
  <datafield tag="373" ind1=" " ind2=" ">
    <subfield code="a">Stanford University</subfield>
    <subfield code="a">Institute for Civil Justice (U.S.)</subfield>
    <subfield code="2">naf</subfield>
  </datafield>
  <datafield tag="373" ind1=" " ind2=" ">
    <subfield code="a">Pardee Rand Graduate School</subfield>
    <subfield code="2">naf</subfield>
    <subfield code="s">2004</subfield>
  </datafield>
  <datafield tag="374" ind1=" " ind2=" ">
    <subfield code="a">Economists</subfield>
    <subfield code="a">College teachers</subfield>
    <subfield code="2">lcsh</subfield>
  </datafield>
  <datafield tag="375" ind1=" " ind2=" ">
    <subfield code="a">male</subfield>
  </datafield>
  <datafield tag="377" ind1=" " ind2=" ">
    <subfield code="a">eng</subfield>
  </datafield>
  <datafield tag="400" ind1="1" ind2=" ">
    <subfield code="a">Dertouzos, J. N.</subfield>
    <subfield code="q">(James N.),</subfield>
    <subfield code="d">1950-</subfield>
  </datafield>
  <datafield tag="670" ind1=" " ind2=" ">
    <subfield code="a">His Newspaper groups, 1982:</subfield>
    <subfield code="b">CIP t.p. (James N. Dertouzos) data sh. (b. 3/2/50)</subfield>
  </datafield>
  <datafield tag="670" ind1=" " ind2=" ">
    <subfield code="a">Recruiting effects of army advertising, 1988:</subfield>
    <subfield code="b">CIP t.p. (J.N. Dertouzos) data sheet (James N. Dertouzos)</subfield>
  </datafield>
  <datafield tag="670" ind1=" " ind2=" ">
    <subfield code="a">Greenberg, Michael D. Fair value accounting, historical cost accounting, and systemic risk, 2013:</subfield>
    <subfield code="b">title page (James N. Dertouzos)</subfield>
  </datafield>
  <datafield tag="670" ind1=" " ind2=" ">
    <subfield code="a">RAND website, viewed Oct. 29, 2013:</subfield>
    <subfield code="b">news and events -- news releases -- 2009 (Economist James Dertouzos appointed Director of RAND Institute For Civil Justice; professor of economics in the Pardee RAND Graduate School since 1980; Ph.D. in economics from Stanford University)</subfield>
  </datafield>
</record>